@ARTICLE{lecun:deeplearning,
	AUTHOR = {Yann LeCun, Yoshua Bengio, Geoffrey Hinton},
	TITLE = {Deep Learing},
	JOURNAL = {Nature Insight Review},
	VOLUME = {521},
	NUMBER = {5},
	PAGES = {436-444},
	MONTH = "May",
	YEAR = {2015}	}

@INCOLLECTION{NIPS2012_4824,
	TITLE = {ImageNet Classification with Deep Convolutional Neural Networks},
	AUTHOR = {Alex Krizhevsky and Sutskever, Ilya and Geoffrey E. Hinton},
	BOOKTITLE = {Advances in Neural Information Processing Systems 25},
	EDITOR = {F. Pereira and C.J.C. Burges and L. Bottou and K.Q. Weinberger},
	PAGES = {1097--1105},
	YEAR = {2012},
	PUBLISHER = {Curran Associates, Inc.},
	URL = {http://papers.nips.cc/paper/4824-imagenet-classification-with-deep-convolutional-neural-networks.pdf}
}

@INPROCEEDINGS{DBLP:conf/eccv/ZeilerF14,
  AUTHOR    = {Matthew D. Zeiler and
               Rob Fergus},
  TITLE     = {Visualizing and Understanding Convolutional Networks},
  BOOKTITLE = {Computer Vision - {ECCV} 2014 - 13th European Conference, Zurich,
               Switzerland, September 6-12, 2014, Proceedings, Part {I}},
  PAGES     = {818--833},
  YEAR      = {2014},
  CROSSREF  = {DBLP:conf/eccv/2014-1},
  URL       = {http://dx.doi.org/10.1007/978-3-319-10590-1_53},
  DOI       = {10.1007/978-3-319-10590-1_53},
  TIMESTAMP = {Tue, 09 Sep 2014 14:57:16 +0200},
  BIBURL    = {http://dblp.uni-trier.de/rec/bib/conf/eccv/ZeilerF14},
  BIBSOURCE = {dblp computer science bibliography, http://dblp.org}
}

@ARTICLE{DBLP:journals/corr/SzegedyLJSRAEVR14,
  AUTHOR    = {Christian Szegedy and
               Wei Liu and
               Yangqing Jia and
               Pierre Sermanet and
               Scott Reed and
               Dragomir Anguelov and
               Dumitru Erhan and
               Vincent Vanhoucke and
               Andrew Rabinovich},
  TITLE     = {Going Deeper with Convolutions},
  JOURNAL   = {CoRR},
  VOLUME    = {abs/1409.4842},
  YEAR      = {2014},
  URL       = {http://arxiv.org/abs/1409.4842},
  TIMESTAMP = {Wed, 01 Oct 2014 15:00:05 +0200},
  BIBURL    = {http://dblp.uni-trier.de/rec/bib/journals/corr/SzegedyLJSRAEVR14},
  BIBSOURCE = {dblp computer science bibliography, http://dblp.org}
}

@ARTICLE{Simonyan14c,
    AUTHOR       = "Simonyan, K. and Zisserman, A.",
    TITLE        = "Very Deep Convolutional Networks for Large-Scale Image Recognition",
    JOURNAL      = "CoRR",
    VOLUME       = "abs/1409.1556",
    YEAR         = "2014"
}

@INCOLLECTION{NIPS1989_293,
	TITLE = "Handwritten Digit Recognition with a Back-Propagation Network",
	AUTHOR = "LeCun, Yann and Bernhard E. Boser and John S. Denker and Donnie Henderson and R. E. Howard and Wayne E. Hubbard and Lawrence D. Jackel",
	BOOKTITLE = {Advances in Neural Information Processing Systems 2},
	EDITOR = {D.S. Touretzky},
	PAGES = {396--404},
	YEAR = {1990},
	PUBLISHER = {Morgan-Kaufmann},
	URL = {http://papers.nips.cc/paper/293-handwritten-digit-recognition-with-a-back-propagation-network.pdf}
}

@INPROCEEDINGS{DBLP:conf/nips/BengioCH93,
	AUTHOR    = {Yoshua Bengio and
	           Yann LeCun and
	           Donnie Henderson},
	TITLE     = {Globally Trained Handwritten Word Recognizer Using Spatial Representation,
	           Convolutional Neural Networks, and Hidden Markov Models},
	BOOKTITLE = {Advances in Neural Information Processing Systems 6, [7th {NIPS} Conference,
	           Denver, Colorado, USA, 1993]},
	PAGES     = {937--944},
	YEAR      = {1993},
	CROSSREF  = {DBLP:conf/nips/1993},
	URL       = {http://papers.nips.cc/paper/819-globally-trained-handwritten-word-recognizer-using-spatial-representation-convolutional-neural-networks-and-hidden-markov-models},
	TIMESTAMP = {Thu, 11 Dec 2014 17:34:08 +0100},
	BIBURL    = {http://dblp.uni-trier.de/rec/bib/conf/nips/BengioCH93},
	BIBSOURCE = {dblp computer science bibliography, http://dblp.org}
}

@inproceedings{imagenet_cvpr09,
	AUTHOR = {Deng, J. and Dong, W. and Socher, R. and Li, L.-J. and Li, K. and Fei-Fei, L.},
	TITLE = {{ImageNet: A Large-Scale Hierarchical Image Database}},
	BOOKTITLE = {CVPR09},
	YEAR = {2009},
	BIBSOURCE = "http://www.image-net.org/papers/imagenet_cvpr09.bib"
}